@online{min-dose,
author = "Saber Yezli and Jonathan A. Otter",
title = "Minimum Infective Dose of the Major Human Respiratory and Enteric Viruses Transmitted Through Food and the Environment",
year="2011",
url="https://link.springer.com/article/10.1007/s12560-011-9056-7",
urldate="2020-12-7"
}

@online{emission,
author = "Buonanno, G. and Stabilea, L. and Morawska, L.",
title = "Estimation of airborne viral emission",
year="2020",
url="https://www.sciencedirect.com/science/article/pii/S0160412020312800?via%3Dihub",
urldate="2020-12-7"
}
@online{math-model,
author = "Rajat Mittal and Charles Meneveau1 and Wen Wu",
title = "A mathematical framework for estimating risk of airborne transmission of COVID-19 with application to face mask use and social distancing",
year="2020",
url="https://aip.scitation.org/doi/10.1063/5.0025476",
urldate="2020-12-7"
}
@online{methods-modeling-transmission,
author = "Carsten Kirkeby and Tariq Halasa and Maya Gussmann and Nils Toft and Kaare Græsbøll",
title = "Methods for estimating disease transmission rates",
year="2017",
url="https://www.nature.com/articles/s41598-017-09209-x",
urldate="2020-12-7"
}
@online{cellular-automata,
author = "Kevin Simler",
title = "Outbreak",
year="2020",
url="https://meltingasphalt.com/interactive/outbreak/",
urldate="2020-12-7"
}
@online{avian-automata,
author = "Hokky Situngkir",
title = "EPIDEMIOLOGY THROUGH CELLULAR AUTOMATA",
url="https://arxiv.org/ftp/nlin/papers/0403/0403035.pdf",
urldate="2020-12-7"
}
@online{covid-model,
author = "Babak Jamshidi and Mansour Rezaei and Khansa Rezaei",
title = "A New Model for Epidemic Spreading with a Focus on COVID-19",
year="2020",
url="https://www.researchgate.net/publication/343066663_A_New_Model_for_Epidemic_Spreading_with_a_Focus_on_COVID-19",
urldate="2020-12-7"
}
@online{spread-sim,
author = "Alex Mikszewsk and Giorgio Buonanno and Luca Stabile and Antonio Pacitto and Lidia Morawska",
title = "Airborne Infection Risk Calculator",
month = "7",
year="2020",
url="https://www.unicas.it/media/4952018/AIRC%20Users%20Manual%201.0%20July%202020.pdf",
urldate="2020-12-17"
}
@online{pepe-slides,
author = {{Petr Peringer}},
title = {Modelování a simulace},
url = {https://wis.fit.vutbr.cz/FIT/st/cfs.php?file=%2Fcourse%2FIMS-IT%2Flectures%2FIMS-9.pdf&cid=13998},
organisation = {VUT FIT},
urldate = {2020-12-07}
}